<?xml version="1.0" encoding="UTF-8"?><collection xmlns="http://www.loc.gov/MARC21/slim"><record><leader>00408nam--2200133-i-4500</leader><controlfield tag="001">000009525</controlfield><controlfield tag="002">20161230</controlfield><controlfield tag="005">20161230201028</controlfield><controlfield tag="008">060222s1000------------r-----000-0-eng-d</controlfield><datafield ind1=" " ind2=" " tag="080"><subfield code="a">001.89:5</subfield></datafield><datafield ind1=" " ind2=" " tag="100"><subfield code="a">Badina, Ovidiu</subfield></datafield><datafield ind1=" " ind2=" " tag="245"><subfield code="a">Scientica sau stiinta despre stiinta.contribut ii la teoria si practica organizarii cercetari i stiintifice</subfield></datafield><datafield ind1=" " ind2=" " tag="260"><subfield code="a">Bucuresti, Editura Politica, 1970. 388 P</subfield></datafield><datafield ind1=" " ind2=" " tag="852"><subfield code="a">33960</subfield></datafield></record></collection>